
@article{murphy2000simplified,
	title={Simplified amino acid alphabets for protein fold recognition and implications for folding},
	author={Murphy, Lynne Reed and Wallqvist, Anders and Levy, Ronald M},
	journal={Protein Engineering},
	volume={13},
	number={3},
	pages={149--152},
	year={2000},
	publisher={Oxford University Press}
}

@article{bank1971protein,
	title={Protein Data Bank},
	author={Bank, Protein Data},
	journal={Nature New Biol},
	volume={233},
	pages={223},
	year={1971}
}

@article{suzek2007uniref,
	title={UniRef: comprehensive and non-redundant UniProt reference clusters},
	author={Suzek, Baris E and Huang, Hongzhan and McGarvey, Peter and Mazumder, Raja and Wu, Cathy H},
	journal={Bioinformatics},
	volume={23},
	number={10},
	pages={1282--1288},
	year={2007},
	publisher={Oxford University Press}
}

@article{zhang2005tm,
	title={TM-align: a protein structure alignment algorithm based on the TM-score},
	author={Zhang, Yang and Skolnick, Jeffrey},
	journal={Nucleic acids research},
	volume={33},
	number={7},
	pages={2302--2309},
	year={2005},
	publisher={Oxford University Press}
}

@article{holm1998removing,
	title={Removing near-neighbour redundancy from large protein sequence collections.},
	author={Holm, Liisa and Sander, Chris},
	journal={Bioinformatics},
	volume={14},
	number={5},
	pages={423--429},
	year={1998},
	publisher={Oxford Univ Press}
}

@article{li2001clustering,
	title={Clustering of highly homologous sequences to reduce the size of large protein databases},
	author={Li, Weizhong and Jaroszewski, Lukasz and Godzik, Adam},
	journal={Bioinformatics},
	volume={17},
	number={3},
	pages={282--283},
	year={2001},
	publisher={Oxford Univ Press}
}

@article{li2002tolerating,
	title={Tolerating some redundancy significantly speeds up clustering of large protein databases},
	author={Li, Weizhong and Jaroszewski, Lukasz and Godzik, Adam},
	journal={Bioinformatics},
	volume={18},
	number={1},
	pages={77--82},
	year={2002},
	publisher={Oxford Univ Press}
}

@article{li2006cd,
	title={Cd-hit: a fast program for clustering and comparing large sets of protein or nucleotide sequences},
	author={Li, Weizhong and Godzik, Adam},
	journal={Bioinformatics},
	volume={22},
	number={13},
	pages={1658--1659},
	year={2006},
	publisher={Oxford Univ Press}
}

@article{fu2012cd,
	title={CD-HIT: accelerated for clustering the next-generation sequencing data},
	author={Fu, Limin and Niu, Beifang and Zhu, Zhengwei and Wu, Sitao and Li, Weizhong},
	journal={Bioinformatics},
	volume={28},
	number={23},
	pages={3150--3152},
	year={2012},
	publisher={Oxford Univ Press}
}

@article{edgar2010search,
	title={Search and clustering orders of magnitude faster than BLAST},
	author={Edgar, Robert C},
	journal={Bioinformatics},
	volume={26},
	number={19},
	pages={2460--2461},
	year={2010},
	publisher={Oxford Univ Press}
}

@article{ghodsi2011dnaclust,
	title={DNACLUST: accurate and efficient clustering of phylogenetic marker genes},
	author={Ghodsi, Mohammadreza and Liu, Bo and Pop, Mihai},
	journal={BMC bioinformatics},
	volume={12},
	number={1},
	pages={271},
	year={2011},
	publisher={BioMed Central}
}

@article{rognes2016vsearch,
	title={VSEARCH: a versatile open source tool for metagenomics},
	author={Rognes, Torbj{\o}rn and Flouri, Tom{\'a}{\v{s}} and Nichols, Ben and Quince, Christopher and Mah{\'e}, Fr{\'e}d{\'e}ric},
	journal={PeerJ},
	volume={4},
	pages={e2584},
	year={2016},
	publisher={PeerJ Inc.}
}

@article{zorita2015starcode,
	title={Starcode: sequence clustering based on all-pairs search},
	author={Zorita, Eduard Valera and Cusc{\'o}, Pol and Filion, Guillaume},
	journal={Bioinformatics},
	pages={btv053},
	year={2015},
	publisher={Oxford Univ Press}
}

@article{steinegger2017linclust,
	title={Linclust: clustering protein sequences in linear time},
	author={Steinegger, Martin and Soding, Johannes},
	journal={bioRxiv},
	pages={104034},
	year={2017},
	publisher={Cold Spring Harbor Labs Journals}
}

@article{vsovsic2017edlib,
	title={Edlib: a C/C++ library for fast, exact sequence alignment using edit distance},
	author={{\v{S}}o{\v{s}}i{\'c}, Martin and {\v{S}}iki{\'c}, Mile},
	journal={Bioinformatics},
	volume={33},
	number={9},
	pages={1394--1395},
	year={2017},
	publisher={Oxford University Press}
}
